@inproceedings{Song:2017:WGT:3098822.3098846,
 author = {Song, Zhenyu and Shangguan, Longfei and Jamieson, Kyle},
 title = {Wi-Fi Goes to Town: Rapid Picocell Switching for Wireless Transit Networks},
 booktitle = {Proceedings of the Conference of the ACM Special Interest Group on Data Communication},
 series = {SIGCOMM '17},
 year = {2017},
 isbn = {978-1-4503-4653-5},
 location = {Los Angeles, CA, USA},
 pages = {322--334},
 numpages = {13},
 url = {http://doi.acm.org/10.1145/3098822.3098846},
 doi = {10.1145/3098822.3098846},
 acmid = {3098846},
 publisher = {ACM},
 address = {New York, NY, USA},
 keywords = {Handover, Transit Networks, Wi-Fi},
} 
